<?xml version="1.0" encoding="UTF-8"?><collection xmlns="http://www.loc.gov/MARC21/slim"><record><leader>00551nam--2200205-u-4500</leader><controlfield tag="001">000054529</controlfield><controlfield tag="002">20161230</controlfield><controlfield tag="005">20170304143413</controlfield><controlfield tag="008">120119s1000------------r-----000-0-fre-d</controlfield><datafield ind1=" " ind2=" " tag="040"><subfield code="a">IFIN-HH</subfield></datafield><datafield ind1=" " ind2=" " tag="041"><subfield code="a">rus</subfield></datafield><datafield ind1=" " ind2=" " tag="080"><subfield code="a">539.12.162</subfield></datafield><datafield ind1="1" ind2=" " tag="100"><subfield code="a">Byckling, Eero</subfield></datafield><datafield ind1="1" ind2="0" tag="245"><subfield code="a">Kinematika elementarnih ceastit</subfield><subfield code="c">E. Byckling, K. Kajantie</subfield></datafield><datafield ind1=" " ind2=" " tag="260"><subfield code="a">Moskva</subfield><subfield code="b">Mir</subfield><subfield code="c">1975</subfield></datafield><datafield ind1=" " ind2=" " tag="300"><subfield code="a">343 p</subfield></datafield><datafield ind1=" " ind2=" " tag="500"><subfield code="a">Titlul Original In Limba Engleza: Particle Kinematics</subfield></datafield><datafield ind1="1" ind2=" " tag="700"><subfield code="a">Kajantie, Keijo</subfield></datafield><datafield ind1=" " ind2=" " tag="852"><subfield code="a">75890</subfield><subfield code="c">539.12</subfield></datafield><datafield ind1=" " ind2=" " tag="CAT"><subfield code="a">SYS</subfield><subfield code="c">20170304</subfield><subfield code="h">143413</subfield></datafield></record></collection>